%% This BibTeX bibliography file was created using BibDesk.
%% http://bibdesk.sourceforge.net/

%% Created for Marc Fabel at 2021-01-30 22:09:54 +0100 


%% Saved with string encoding Unicode (UTF-8) 


@comment{jabref-meta: databaseType:bibtex;}



@article{cantoni2020persistence,
	author = {Cantoni, Davide and Hagemeister, Felix and Westcott, Mark},
	date-added = {2021-01-30 22:09:14 +0100},
	date-modified = {2021-01-30 22:09:54 +0100},
	journal = {mimeo},
	title = {{Persistence and Activation of Right-Wing Political Ideology}},
	year = {2020}}

@article{dave2020contagion,
	author = {Dave, Dhaval and McNichols, Drew and Sabia, Joseph J},
	date-added = {2021-01-30 22:04:50 +0100},
	date-modified = {2021-01-30 22:05:02 +0100},
	journal = {Southern Economic Journal},
	publisher = {Wiley Online Library},
	title = {The contagion externality of a superspreading event: The Sturgis Motorcycle Rally and COVID-19},
	year = {2020}}
